@misc{stirling, title={Stirling's approximation}, url={https://en.wikipedia.org/wiki/Stirling's_approximation}, journal={Wikipedia}, publisher={Wikimedia Foundation}, year={2020}, month={Jul}}