@book{cormen_2009, place={Cambridge, MA}, title={Introduction to algorithms}, publisher={MIT Press}, author={Cormen, Thomas H. et al}, year={2009}} 